<record><leader>00000cas a2200000 a 4500</leader><controlfield tag="001">7788065</controlfield><controlfield tag="008">810924d18691897nyuwr n       0   a0eng d</controlfield><datafield ind1=" " ind2=" " tag="010"><subfield code="a">sn 77021991 </subfield></datafield><datafield ind1=" " ind2=" " tag="040"><subfield code="a">BTI</subfield><subfield code="b">eng</subfield><subfield code="c">BTI</subfield><subfield code="d">NYG</subfield><subfield code="d">NVF</subfield><subfield code="d">NYS</subfield><subfield code="d">MGN</subfield><subfield code="d">NVK</subfield><subfield code="d">NVN</subfield><subfield code="d">ATL</subfield><subfield code="d">OCLCQ</subfield><subfield code="d">OCLCF</subfield><subfield code="d">OCLCO</subfield></datafield><datafield ind1="1" ind2=" " tag="029"><subfield code="a">AU@</subfield><subfield code="b">000020079473</subfield></datafield><datafield ind1=" " ind2=" " tag="042"><subfield code="a">msc</subfield></datafield><datafield ind1=" " ind2=" " tag="043"><subfield code="a">n-us-vt</subfield><subfield code="a">n-us-ny</subfield></datafield><datafield ind1=" " ind2=" " tag="090"><subfield code="a">BX9901</subfield></datafield><datafield ind1=" " ind2=" " tag="092"><subfield code="a">205</subfield><subfield code="b">qC55l</subfield></datafield><datafield ind1="0" ind2=" " tag="130"><subfield code="a">Christian leader (New York, N.Y.)</subfield></datafield><datafield ind1="1" ind2="4" tag="245"><subfield code="a">The Christian leader.</subfield></datafield><datafield ind1=" " ind2=" " tag="260"><subfield code="a">New York, N.Y. :</subfield><subfield code="b">M.K. Pelletreau</subfield></datafield><datafield ind1=" " ind2=" " tag="300"><subfield code="a">v. ;</subfield><subfield code="c">38 cm.</subfield></datafield><datafield ind1=" " ind2=" " tag="310"><subfield code="a">Weekly</subfield></datafield><datafield ind1="1" ind2=" " tag="362"><subfield code="a">Began in 1869.</subfield></datafield><datafield ind1="0" ind2=" " tag="362"><subfield code="a">-v. 67, no. 47 (Nov. 25, 1897).</subfield></datafield><datafield ind1=" " ind2=" " tag="500"><subfield code="a">Imprint varies: Boston and New York, &lt;1879&gt;</subfield></datafield><datafield ind1=" " ind2=" " tag="515"><subfield code="a">Vols. for Jan. 2, 1879-&lt;July 25, 1889&gt; also carry numbering of: Universalist (Boston, Mass. : 1864).</subfield></datafield><datafield ind1=" " ind2=" " tag="530"><subfield code="a">Also issued on microfilm by American Theological Library Association.</subfield></datafield><datafield ind1=" " ind2=" " tag="580"><subfield code="a">Continues: Ambassador (New York, N.Y.). Cf. Ambassador (New York, N.Y.), Nov. 28, 1868.</subfield></datafield><datafield ind1=" " ind2=" " tag="580"><subfield code="a">Merged with: Universalist (Chicago, Ill.) to form: Universalist leader (Boston, Mass. : 1897).</subfield></datafield><datafield ind1=" " ind2=" " tag="588"><subfield code="a">Description based on: Vol. 43 no. 16, Apr. 19, 1873.</subfield></datafield><datafield ind1=" " ind2="0" tag="650"><subfield code="a">Universalism</subfield><subfield code="v">Newspapers.</subfield></datafield><datafield ind1=" " ind2="0" tag="650"><subfield code="a">Religious newspapers and periodicals.</subfield></datafield><datafield ind1=" " ind2="0" tag="651"><subfield code="a">Vermont</subfield><subfield code="v">Newspapers.</subfield></datafield><datafield ind1=" " ind2="0" tag="651"><subfield code="a">New York (State)</subfield><subfield code="v">Newspapers.</subfield></datafield><datafield ind1=" " ind2="7" tag="655"><subfield code="a">Newspapers.</subfield><subfield code="2">fast</subfield><subfield code="0">(OCoLC)fst01423814</subfield></datafield><datafield ind1=" " ind2="7" tag="650"><subfield code="a">Religious newspapers and periodicals.</subfield><subfield code="2">fast</subfield><subfield code="0">(OCoLC)fst01094196</subfield></datafield><datafield ind1=" " ind2="7" tag="650"><subfield code="a">Universalism.</subfield><subfield code="2">fast</subfield><subfield code="0">(OCoLC)fst01161574</subfield></datafield><datafield ind1=" " ind2="7" tag="651"><subfield code="a">New York (State)</subfield><subfield code="2">fast</subfield><subfield code="0">(OCoLC)fst01210280</subfield></datafield><datafield ind1=" " ind2="7" tag="651"><subfield code="a">Vermont.</subfield><subfield code="2">fast</subfield><subfield code="0">(OCoLC)fst01204305</subfield></datafield><datafield ind1=" " ind2=" " tag="752"><subfield code="a">United States</subfield><subfield code="b">New York</subfield><subfield code="c">New York</subfield><subfield code="d">New York.</subfield></datafield><datafield ind1="1" ind2=" " tag="776"><subfield code="c">Microfilm</subfield><subfield code="d">American Theological Library Association</subfield><subfield code="w">(DLC)   00221690</subfield><subfield code="w">(OCoLC)45013997</subfield></datafield><datafield ind1="1" ind2="0" tag="780"><subfield code="t">Ambassador (New York, N.Y.)</subfield><subfield code="w">(OCoLC)7690190</subfield></datafield><datafield ind1="0" ind2="5" tag="780"><subfield code="t">Universalist (Boston, Mass. : 1864)</subfield><subfield code="w">(OCoLC)7788036</subfield><subfield code="g">Jan. 2, 1879</subfield><subfield code="w">(DLC)sn 97067086</subfield></datafield><datafield ind1="0" ind2="5" tag="780"><subfield code="t">Gospel banner</subfield><subfield code="w">(DLC)sn 84025746</subfield><subfield code="w">(OCoLC)7726059</subfield><subfield code="g">Nov. 11, 1897</subfield></datafield><datafield ind1="1" ind2="7" tag="785"><subfield code="t">Universalist (Chicago, Ill.)</subfield><subfield code="w">(DLC)sn 90053049</subfield><subfield code="w">(OCoLC)10400803</subfield></datafield><datafield ind1="1" ind2="7" tag="785"><subfield code="t">Universalist leader (Boston, Mass. : 1897)</subfield><subfield code="w">(OCoLC)1644291</subfield></datafield><datafield ind1=" " ind2=" " tag="936"><subfield code="a">Nov. 25, 1897</subfield><subfield code="a">Jan. 3, 1874</subfield></datafield></record>